<collection xmlns="http://www.loc.gov/MARC21/slim">
<record>
  <leader>01771nam0a2200361 i 450 </leader>
  <controlfield tag="001">IT\ICCU\CNCE\006779</controlfield>
  <controlfield tag="005">20051216000000.0</controlfield>
  <datafield tag="012" ind1=" " ind2=" ">
    <subfield code="a">*.e. a.a- *.** fite (3) 1537 (R)</subfield>
    <subfield code="2">fei</subfield>
  </datafield>
  <datafield tag="100" ind1=" " ind2=" ">
    <subfield code="a">19970101d1537        0itac0103    ba</subfield>
  </datafield>
  <datafield tag="101" ind1=" " ind2=" ">
    <subfield code="a">LAT</subfield>
    <subfield code="a">GRC</subfield>
  </datafield>
  <datafield tag="102" ind1=" " ind2=" ">
    <subfield code="a">IT</subfield>
  </datafield>
  <datafield tag="200" ind1="1" ind2=" ">
    <subfield code="a">℗Vrbani ℗Grammaticae institutiones Graecae. Nunc denuo summa diligentia excussae &amp;  ̉mendis hactenus minus oseruatis vindicatae ...</subfield>
  </datafield>
  <datafield tag="210" ind1=" " ind2=" ">
    <subfield code="e">Venetiis</subfield>
    <subfield code="g">apud Melchiorem Sessam</subfield>
    <subfield code="h">1537</subfield>
  </datafield>
  <datafield tag="215" ind1=" " ind2=" ">
    <subfield code="a">272 c.</subfield>
    <subfield code="c">ill.</subfield>
    <subfield code="d">8ʻ</subfield>
  </datafield>
  <datafield tag="620" ind1=" " ind2=" ">
    <subfield code="a">IT</subfield>
    <subfield code="d">Venezia</subfield>
  </datafield>
  <datafield tag="700" ind1=" " ind2="1">
    <subfield code="a">Bolzanio,</subfield>
    <subfield code="b">Urbano</subfield>
    <subfield code="3">IT\ICCU\CNCA\001815</subfield>
  </datafield>
  <datafield tag="712" ind1="0" ind2="0">
    <subfield code="a">Sessa, Melchiorre</subfield>
    <subfield code="c"> &lt;1.&gt;</subfield>
    <subfield code="3">IT\ICCU\CNCT\000057</subfield>
    <subfield code="4">650</subfield>
  </datafield>
  <datafield tag="790" ind1=" " ind2="1">
    <subfield code="a">Dalle_Fosse,</subfield>
    <subfield code="b">Urbano</subfield>
    <subfield code="3">IT\ICCU\CNCA\010173</subfield>
    <subfield code="z">Bolzanio, Urbano</subfield>
  </datafield>
  <datafield tag="790" ind1=" " ind2="1">
    <subfield code="a">Valeriano Bolzani,</subfield>
    <subfield code="b">Urbano</subfield>
    <subfield code="3">IT\ICCU\CNCA\012939</subfield>
    <subfield code="z">Bolzanio, Urbano</subfield>
  </datafield>
  <datafield tag="790" ind1=" " ind2="0">
    <subfield code="a">Urbanus</subfield>
    <subfield code="c"> : Bolzanius</subfield>
    <subfield code="3">IT\ICCU\CNCA\015078</subfield>
    <subfield code="z">Bolzanio, Urbano</subfield>
  </datafield>
  <datafield tag="791" ind1="0" ind2="0">
    <subfield code="a">Sessa, Marchio</subfield>
    <subfield code="c"> &lt;1.&gt;</subfield>
    <subfield code="3">IT\ICCU\CNCT\005661</subfield>
    <subfield code="z">Sessa, Melchiorre &lt;1.&gt;</subfield>
  </datafield>
  <datafield tag="801" ind1=" " ind2="3">
    <subfield code="a">IT</subfield>
    <subfield code="b">ICCU</subfield>
    <subfield code="c">20201113</subfield>
  </datafield>
  <datafield tag="899" ind1=" " ind2=" ">
    <subfield code="a">Biblioteca civica A. Mai. Bergamo</subfield>
    <subfield code="1">BG0026</subfield>
    <subfield code="2">LO1 02</subfield>
  </datafield>
  <datafield tag="899" ind1=" " ind2=" ">
    <subfield code="a">Pontificia Biblioteca Antoniana. Padova</subfield>
    <subfield code="1">EX0020</subfield>
    <subfield code="2">PUV 78</subfield>
  </datafield>
  <datafield tag="899" ind1=" " ind2=" ">
    <subfield code="a"></subfield>
    <subfield code="1">LE0132</subfield>
    <subfield code="2">LEK L9</subfield>
  </datafield>
  <datafield tag="899" ind1=" " ind2=" ">
    <subfield code="a">Biblioteca statale. Lucca</subfield>
    <subfield code="1">LU0022</subfield>
    <subfield code="2">LUA BL</subfield>
  </datafield>
  <datafield tag="899" ind1=" " ind2=" ">
    <subfield code="a">Biblioteca regionale universitaria. Messina</subfield>
    <subfield code="z">MUTILO</subfield>
    <subfield code="1">ME0050</subfield>
    <subfield code="2">PAL BM</subfield>
  </datafield>
  <datafield tag="899" ind1=" " ind2=" ">
    <subfield code="a">Biblioteca comunale. Assisi</subfield>
    <subfield code="1">PG0001</subfield>
    <subfield code="2">UM1 10</subfield>
  </datafield>
  <datafield tag="899" ind1=" " ind2=" ">
    <subfield code="a">Biblioteca  Panizzi. Reggio Emilia</subfield>
    <subfield code="z">MUTILO</subfield>
    <subfield code="1">RE0052</subfield>
    <subfield code="2">RE2 PA</subfield>
  </datafield>
  <datafield tag="899" ind1=" " ind2=" ">
    <subfield code="a">Biblioteca comunale Paroniana. Rieti</subfield>
    <subfield code="1">RI0126</subfield>
    <subfield code="2">RMS B5</subfield>
  </datafield>
  <datafield tag="899" ind1=" " ind2=" ">
    <subfield code="a">Biblioteca comunale. Trento</subfield>
    <subfield code="1">TN0121</subfield>
    <subfield code="2">ZTN 01</subfield>
  </datafield>
  <datafield tag="899" ind1=" " ind2=" ">
    <subfield code="a">Biblioteca comunale Leonardo Centonze. Castelvetrano</subfield>
    <subfield code="1">TP0059</subfield>
    <subfield code="2">TPS CV</subfield>
  </datafield>
  <datafield tag="899" ind1=" " ind2=" ">
    <subfield code="a">Biblioteca del Liceo ginnasio statale S. Maffei. Verona</subfield>
    <subfield code="1">VR0179</subfield>
    <subfield code="2">ZVR 08</subfield>
  </datafield>
</record>
</collection>
